@ONLINE{condor,
  author = {Condor},
  title = {Condor Project Homepage},
  cited = {\date},
  year =  2010,
  url = {http://www.cs.wisc.edu/condor/}
  }
